%% Referencing
%% See https://www.bibtex.com/e/entry-types/
%% for Complete list of BibTeX entry types [with examples] - BibTeX.com
%% To validate: https://biblatex-linter.herokuapp.com/validate

%%%%%%%%%%%%%%%%%%%%%%%%%%%%%%%%%
%% INTRODUCTION AND OBJECTIVES %%
%%%%%%%%%%%%%%%%%%%%%%%%%%%%%%%%%

%%%%%%%%%%%%%
%% CONTEXT %%
%%%%%%%%%%%%%

% ClearGrasp
@misc{sajjan2019cleargrasp,
      title={ClearGrasp: 3D Shape Estimation of Transparent Objects for Manipulation}, 
      author={Shreeyak S. Sajjan and Matthew Moore and Mike Pan and Ganesh Nagaraja and Johnny Lee and Andy Zeng and Shuran Song},
      year={2019},
      eprint={1910.02550},
      archivePrefix={arXiv},
      primaryClass={cs.CV}
}

%%%%%%%%%%%%%
%% METHODS %%
%%%%%%%%%%%%%

%%%%%%%%%%%%%
%% RESULTS %%
%%%%%%%%%%%%%

%%%%%%%%%%%%%%%%
%% EVALUATION %%
%%%%%%%%%%%%%%%%